%% This BibTeX bibliography file was created using BibDesk.
%% http://bibdesk.sourceforge.net/


%% Created for Joshua Tan at 2016-10-14 12:10:42 +0100 


%% Saved with string encoding Unicode (UTF-8) 



@book{maclane,
	Author = {Saunders {Mac Lane}},
	Date-Added = {2016-10-14 11:07:50 +0000},
	Date-Modified = {2016-10-14 11:08:39 +0000},
	Publisher = {Springer Science+Business Media},
	Title = {Categories for the Working Mathematician},
	Year = {1971}}

@book{awodey,
	Author = {Steve Awodey},
	Date-Added = {2016-10-14 11:07:09 +0000},
	Date-Modified = {2016-10-14 11:07:45 +0000},
	Publisher = {Oxford Logic Guides},
	Title = {Category Theory},
	Year = {2006}}

@book{spivak,
	Author = {David I. Spivak},
	Date-Added = {2016-10-14 11:06:18 +0000},
	Date-Modified = {2016-10-14 11:07:05 +0000},
	Publisher = {MIT Press},
	Title = {Category Theory for Scientists},
	Year = {2014}}

@techreport{iso,
	Author = {ISO/TS 37151:2015},
	Date-Modified = {2016-10-14 11:10:33 +0000},
	Institution = {International Standards Organization},
	Owner = {abhishek},
	Timestamp = {2016.10.12},
	Title = {Smart community infrastructures -- Principles and requirements for performance metrics},
	Year = {2015}}

@article{2008arXiv0808.1023A,
	Adsnote = {Provided by the SAO/NASA Astrophysics Data System},
	Adsurl = {http://adsabs.harvard.edu/abs/2008arXiv0808.1023A},
	Archiveprefix = {arXiv},
	Author = {{Abramsky}, S. and {Coecke}, B.},
	Eprint = {0808.1023},
	Journal = {ArXiv e-prints},
	Keywords = {Quantum Physics, Mathematics - Category Theory, Mathematics - Logic},
	Month = aug,
	Primaryclass = {quant-ph},
	Title = {{Categorical quantum mechanics}},
	Year = {2008}}

@article{agnos2011metrics,
	Author = {Agnos, Christopher and Bollhoefer, Jessica and Carroll, Brian and Hommes, Vreni and Ray, Abigail},
	Title = {METRICS AND TARGETS},
	Year = {2011}}

@article{2015arXiv150405625B,
	Adsnote = {Provided by the SAO/NASA Astrophysics Data System},
	Adsurl = {http://adsabs.harvard.edu/abs/2015arXiv150405625B},
	Archiveprefix = {arXiv},
	Author = {{Baez}, J.~C. and {Fong}, B.},
	Eprint = {1504.05625},
	Journal = {ArXiv e-prints},
	Keywords = {Mathematics - Category Theory, Mathematical Physics},
	Month = apr,
	Primaryclass = {math.CT},
	Title = {{A Compositional Framework for Passive Linear Networks}},
	Year = {2015}}

@article{2009arXiv0903.0340B,
	Adsnote = {Provided by the SAO/NASA Astrophysics Data System},
	Adsurl = {http://adsabs.harvard.edu/abs/2009arXiv0903.0340B},
	Archiveprefix = {arXiv},
	Author = {{Baez}, J.~C. and {Stay}, M.},
	Eprint = {0903.0340},
	Journal = {ArXiv e-prints},
	Keywords = {Quantum Physics, Mathematics - Category Theory},
	Month = mar,
	Primaryclass = {quant-ph},
	Title = {{Physics, Topology, Logic and Computation: A Rosetta Stone}},
	Year = {2009}}

@book{balmer2008agent,
	Author = {Balmer, M and Meister, K and Rieser, M and Nagel, K and Axhausen, Kay W and Axhausen, Kay W and Axhausen, Kay W},
	Publisher = {ETH, Eidgen{\"o}ssische Technische Hochschule Z{\"u}rich, IVT Institut f{\"u}r Verkehrsplanung und Transportsysteme},
	Title = {Agent-based simulation of travel demand: Structure and computational performance of MATSim-T},
	Year = {2008}}

@article{batty2012building,
	Author = {Batty, Michael},
	Journal = {Cities},
	Pages = {S9--S16},
	Publisher = {Elsevier},
	Title = {Building a science of cities},
	Volume = {29},
	Year = {2012}}

@article{batty2012smart,
	Author = {Batty, Michael and Axhausen, Kay W and Giannotti, Fosca and Pozdnoukhov, Alexei and Bazzani, Armando and Wachowicz, Monica and Ouzounis, Georgios and Portugali, Yuval},
	Journal = {The European Physical Journal Special Topics},
	Number = {1},
	Pages = {481--518},
	Publisher = {Springer},
	Title = {Smart cities of the future},
	Volume = {214},
	Year = {2012}}

@article{caird2016tale,
	Author = {Caird, Sally and Hudson, Lorraine and Kortuem, Gerd},
	Publisher = {The Open University},
	Title = {A Tale of Evaluation and Reporting in UK Smart Cities},
	Year = {2016}}

@article{2015arXiv151208055C,
	Adsnote = {Provided by the SAO/NASA Astrophysics Data System},
	Adsurl = {http://adsabs.harvard.edu/abs/2015arXiv151208055C},
	Archiveprefix = {arXiv},
	Author = {{Censi}, A.},
	Eprint = {1512.08055},
	Journal = {ArXiv e-prints},
	Keywords = {Computer Science - Logic in Computer Science, Computer Science - Robotics, Mathematics - Optimization and Control},
	Month = dec,
	Primaryclass = {cs.LO},
	Title = {{A Mathematical Theory of Co-Design}},
	Year = {2015}}

@article{chandola2009anomaly,
	Author = {Chandola, Varun and Banerjee, Arindam and Kumar, Vipin},
	Journal = {ACM computing surveys (CSUR)},
	Number = {3},
	Pages = {15},
	Publisher = {ACM},
	Title = {Anomaly detection: A survey},
	Volume = {41},
	Year = {2009}}

@inproceedings{hla,
	Acmid = {268465},
	Address = {Washington, DC, USA},
	Author = {Dahmann, Judith S. and Fujimoto, Richard M. and Weatherly, Richard M.},
	Booktitle = {Proceedings of the 29th Conference on Winter Simulation},
	Doi = {10.1145/268437.268465},
	Isbn = {0-7803-4278-X},
	Location = {Atlanta, Georgia, USA},
	Numpages = {8},
	Pages = {142--149},
	Publisher = {IEEE Computer Society},
	Series = {WSC '97},
	Title = {The Department of Defense High Level Architecture},
	Url = {http://dx.doi.org/10.1145/268437.268465},
	Year = {1997},
	Bdsk-Url-1 = {http://dx.doi.org/10.1145/268437.268465}}

@article{damerismart,
	Author = {Dameri, Renata Paola},
	Publisher = {Springer},
	Title = {Smart City Implementation}}

@inproceedings{de2014lateral,
	Author = {De Nicola, Antonio and Melchiori, Michele and Villani, Maria Luisa},
	Booktitle = {International Conference on Database and Expert Systems Applications},
	Organization = {Springer},
	Pages = {334--348},
	Title = {A lateral thinking framework for semantic modelling of emergencies in smart cities},
	Year = {2014}}

@article{derler2012modeling,
	Author = {Derler, Patricia and Lee, Edward A and Vincentelli, Alberto Sangiovanni},
	Journal = {Proceedings of the IEEE},
	Number = {1},
	Pages = {13--28},
	Publisher = {IEEE},
	Title = {Modeling cyber--physical systems},
	Volume = {100},
	Year = {2012}}

@article{doran1981there,
	Author = {Doran, George T},
	Journal = {Management review},
	Number = {11},
	Pages = {35--36},
	Volume = {70},
	Year = {1981}}

@article{epstein1997balanced,
	Author = {Epstein, Marc J and Manzoni, Jean-Francois},
	Journal = {Strategic Finance},
	Number = {2},
	Pages = {28},
	Publisher = {Institute of Management Accountants},
	Title = {The balanced scorecard and tableau de bord: translating strategy into action},
	Volume = {79},
	Year = {1997}}

@inproceedings{Feiler_AADL:06,
	Author = {Feiler, P.H. and Lewis, Bruce A. and Vestal, S.},
	Booktitle = {Computer Aided Control System Design},
	Doi = {10.1109/CACSD-CCA-ISIC.2006.4776814},
	Keywords = {Aerospace electronics;Automotive engineering;Computer architecture;Design engineering;Embedded computing;Formal specifications;Hardware;Performance analysis;Software architecture;Systems engineering and theory},
	Pages = {1206-1211},
	Title = {{The SAE Architecture Analysis \& Design Language (AADL) A Standard for Engineering Performance Critical Systems}},
	Year = {2006},
	Bdsk-Url-1 = {http://dx.doi.org/10.1109/CACSD-CCA-ISIC.2006.4776814}}

@techreport{AADL_Intro:06,
	Author = {Feiler, Peter H and Gluch, David P and Hudak, John J},
	Institution = {DTIC Document},
	Number = {ADA455842},
	Title = {{The Architecture Analysis \& Design Language (AADL): An Introduction}},
	Year = {2006}}

@article{2016arXiv160905382F,
	Adsnote = {Provided by the SAO/NASA Astrophysics Data System},
	Adsurl = {http://adsabs.harvard.edu/abs/2016arXiv160905382F},
	Archiveprefix = {arXiv},
	Author = {{Fong}, B.},
	Eprint = {1609.05382},
	Journal = {ArXiv e-prints},
	Keywords = {Mathematics - Category Theory, 18C10, 18D10},
	Month = sep,
	Primaryclass = {math.CT},
	Title = {{The Algebra of Open and Interconnected Systems}},
	Year = {2016}}

@inproceedings{hause2006sysml,
	Author = {Hause, Matthew and others},
	Booktitle = {Fifteenth European Systems Engineering Conference},
	Title = {{The SysML Modelling Language}},
	Volume = {9},
	Year = {2006}}

@article{Hemingway:2012:RSH:2093966.2093971,
	Acmid = {2093971},
	Address = {San Diego, CA, USA},
	Author = {Hemingway, Graham and Neema, Himanshu and Nine, Harmon and Sztipanovits, Janos and Karsai, Gabor},
	Doi = {10.1177/0037549711401950},
	Issn = {0037-5497},
	Issue_Date = {February 2012},
	Journal = {Simulation},
	Keywords = {distributed simulation, domain-specific modeling language, heterogeneous simulation, high-level architecture, model-based integration, multi-paradigm modeling},
	Month = feb,
	Number = {2},
	Numpages = {16},
	Pages = {217--232},
	Publisher = {Society for Computer Simulation International},
	Title = {Rapid Synthesis of High-level Architecture-based Heterogeneous Simulation: A Model-based Integration Approach},
	Url = {http://dx.doi.org/10.1177/0037549711401950},
	Volume = {88},
	Year = {2012},
	Bdsk-Url-1 = {http://dx.doi.org/10.1177/0037549711401950}}

@inproceedings{matsim,
	Author = {J. Illenberger and G. Flotterod and K. Nagel},
	Booktitle = {Intelligent Transportation Systems Conference, 2007. ITSC 2007. IEEE},
	Doi = {10.1109/ITSC.2007.4357810},
	Keywords = {driver information systems;graph theory;multi-agent systems;utility theory;MatSim project;driver behavior;driver satisfaction model;exemplary model;shortest path algorithm;utility function;within-day re-planning;Concrete;Cost function;Decision making;Information systems;Intelligent transportation systems;Leg;Steel;Testing;Traffic control;USA Councils},
	Month = {Sept},
	Pages = {94-99},
	Title = {Enhancing MATSim with capabilities of within-day re-planning},
	Year = {2007},
	Bdsk-Url-1 = {http://dx.doi.org/10.1109/ITSC.2007.4357810}}

@article{2010arXiv1010.0541J,
	Adsnote = {Provided by the SAO/NASA Astrophysics Data System},
	Adsurl = {http://adsabs.harvard.edu/abs/2010arXiv1010.0541J},
	Archiveprefix = {arXiv},
	Author = {{Jia}, T. and {Jiang}, B.},
	Eprint = {1010.0541},
	Journal = {ArXiv e-prints},
	Keywords = {Physics - Data Analysis, Statistics and Probability, Physics - Physics and Society},
	Month = oct,
	Primaryclass = {physics.data-an},
	Title = {{Measuring Urban Sprawl Based on Massive Street Nodes and the Novel Concept of Natural Cities}},
	Year = {2010}}

@inproceedings{karnouskos2009simulation,
	Author = {Karnouskos, Stamatis and De Holanda, Thiago Nass},
	Booktitle = {Computer Modeling and Simulation, 2009. EMS'09. Third UKSim European Symposium on},
	Organization = {IEEE},
	Pages = {424--429},
	Title = {Simulation of a smart grid city with software agents},
	Year = {2009}}

@article{10.1109/MC.2013.149,
	Address = {Los Alamitos, CA, USA},
	Author = {Pu Liu and Zhenghong Peng},
	Doi = {http://doi.ieeecomputersociety.org/10.1109/MC.2013.149},
	Issn = {0018-9162},
	Journal = {Computer},
	Number = {10},
	Pages = {72-81},
	Publisher = {IEEE Computer Society},
	Title = {China's Smart City Pilots: A Progress Report},
	Volume = {47},
	Year = {2014},
	Bdsk-Url-1 = {http://doi.ieeecomputersociety.org/10.1109/MC.2013.149}}

@inproceedings{munir2013cyber,
	Author = {Munir, Sirajum and Stankovic, John A and Liang, Chieh-Jan Mike and Lin, Shan},
	Booktitle = {Presented as part of the 8th International Workshop on Feedback Computing, Berkeley, CA},
	Title = {Cyber Physical System Challenges for Human-in-the-Loop Control},
	Year = {2013}}

@manual{MARTE_v1.1:11,
	Author = {{Object Management Group}},
	Edition = {{OMG Document formal/2011-06-02}},
	Month = jun,
	Organization = {{Object Management Group}},
	Title = {{UML Profile for MARTE: Modeling And Analysis of Real-Time Embedded Systems, Version 1.1}},
	Year = {2011}}

@article{qin2012survey,
	Author = {Qin, S Joe},
	Journal = {Annual Reviews in Control},
	Number = {2},
	Pages = {220--234},
	Publisher = {Elsevier},
	Title = {Survey on data-driven industrial process monitoring and diagnosis},
	Volume = {36},
	Year = {2012}}

@inproceedings{7028565,
	Author = {L. J. Ratliff and M. Jin and I. C. Konstantakopoulos and C. Spanos and S. S. Sastry},
	Booktitle = {Communication, Control, and Computing (Allerton), 2014 52nd Annual Allerton Conference on},
	Doi = {10.1109/ALLERTON.2014.7028565},
	Keywords = {building management systems;energy conservation;game theory;particle swarm optimisation;Nash equilibrium;building energy efficiency;energy efficient occupants behavior;incentive design;leader choice;noncooperative game;particle swarm optimization method;reversed Stackelberg game;social game;Buildings;Estimation;Games;Joints;Lighting;Nash equilibrium;Optimization},
	Month = {Sept},
	Pages = {1011-1018},
	Title = {Social game for building energy efficiency: Incentive design},
	Year = {2014},
	Bdsk-Url-1 = {http://dx.doi.org/10.1109/ALLERTON.2014.7028565}}

@inproceedings{7515058,
	Author = {S. Rhee},
	Booktitle = {2016 1st International Workshop on Science of Smart City Operations and Platforms Engineering (SCOPE) in partnership with Global City Teams Challenge (GCTC) (SCOPE - GCTC)},
	Doi = {10.1109/SCOPE.2016.7515058},
	Keywords = {Internet of Things;smart cities;GCTC;Global City Teams Challenge;Internet of Things;IoT;National Institute of Standards and Technology;smart cities;Collaboration;Data analysis;Hardware;Internet of things;NIST;Smart cities;GCTC;Global City Teams Challenge;Internet of Things;IoT Fabric;Replicability;Smart City},
	Month = {April},
	Pages = {1-4},
	Title = {Catalyzing the Internet of Things and smart cities: Global City Teams Challenge},
	Year = {2016},
	Bdsk-Url-1 = {http://dx.doi.org/10.1109/SCOPE.2016.7515058}}

@book{Rosenschein:1994:RED:180311,
	Address = {Cambridge, MA, USA},
	Author = {Rosenschein, Jeffrey S. and Zlotkin, Gilad},
	Isbn = {0-262-18159-2},
	Publisher = {MIT Press},
	Title = {Rules of Encounter: Designing Conventions for Automated Negotiation Among Computers},
	Year = {1994}}

@book{Rosenschein:1994:RED:180311,
	Address = {Cambridge, MA, USA},
	Author = {Rosenschein, Jeffrey S. and Zlotkin, Gilad},
	Isbn = {0-262-18159-2},
	Publisher = {MIT Press},
	Title = {Rules of Encounter: Designing Conventions for Automated Negotiation Among Computers},
	Year = {1994}}

@article{2010arXiv1009.1166S,
	Adsnote = {Provided by the SAO/NASA Astrophysics Data System},
	Adsurl = {http://adsabs.harvard.edu/abs/2010arXiv1009.1166S},
	Archiveprefix = {arXiv},
	Author = {{Spivak}, D.~I.},
	Eprint = {1009.1166},
	Journal = {ArXiv e-prints},
	Keywords = {Computer Science - Databases, Mathematics - Category Theory, 18A99, 94A99, 68P15, H.2.1, H.5.2},
	Month = sep,
	Primaryclass = {cs.DB},
	Title = {{Functorial Data Migration}},
	Year = {2010}}

@article{2015arXiv150207380S,
	Adsnote = {Provided by the SAO/NASA Astrophysics Data System},
	Adsurl = {http://adsabs.harvard.edu/abs/2015arXiv150207380S},
	Archiveprefix = {arXiv},
	Author = {{Spivak}, D.~I. and {Tan}, J.~Z.},
	Eprint = {1502.07380},
	Journal = {ArXiv e-prints},
	Keywords = {Mathematics - Dynamical Systems, Mathematics - Category Theory, 18D50},
	Month = feb,
	Primaryclass = {math.DS},
	Title = {{Nesting of dynamic systems and mode-dependent networks}},
	Year = {2015}}

@article{2016arXiv160908086S,
	Adsnote = {Provided by the SAO/NASA Astrophysics Data System},
	Adsurl = {http://adsabs.harvard.edu/abs/2016arXiv160908086S},
	Archiveprefix = {arXiv},
	Author = {{Spivak}, D.~I. and {Vasilakopoulou}, C. and {Schultz}, P.},
	Eprint = {1609.08086},
	Journal = {ArXiv e-prints},
	Keywords = {Mathematics - Category Theory, 18F20, 93A13},
	Month = sep,
	Primaryclass = {math.CT},
	Title = {{Dynamical Systems and Sheaves}},
	Year = {2016}}

@inproceedings{7501714,
	Author = {F. Sun and Y. Pan and J. White and A. Dubey},
	Booktitle = {2016 IEEE International Conference on Smart Computing (SMARTCOMP)},
	Doi = {10.1109/SMARTCOMP.2016.7501714},
	Pages = {1--8},
	Title = {Real-Time and Predictive Analytics for Smart Public Transportation Decision Support System},
	Year = {2016},
	Bdsk-Url-1 = {http://dx.doi.org/10.1109/SMARTCOMP.2016.7501714}}

@article{williams2014measuring,
	Author = {Williams, Christopher},
	Title = {Measuring in All the Right Places: Themes in International Municipal Eco-City Index Systems},
	Year = {2014}}

@article{zaman2013zero,
	Author = {Zaman, Atiq Uz and Lehmann, Steffen},
	Journal = {Journal of Cleaner Production},
	Pages = {123--132},
	Publisher = {Elsevier},
	Volume = {50},
	Year = {2013}}

@misc{citykeys,
	Date-Modified = {2016-10-14 11:03:33 +0000},
	Owner = {abhishek},
	Timestamp = {2016.10.12},
	Title = {CITYKeys},
	Url = {http://www.citykeys-project.eu/citykeys/home},
	Bdsk-Url-1 = {http://www.citykeys-project.eu/citykeys/home}}
